@book{2002计算方法引论,
  title={计算方法引论 （第二版）},
  year={2002},
}

@misc{2011柴油机高压共轨分段喷射压力控制系统,
  title={柴油机高压共轨分段喷射压力控制系统},
  year={2011},
}
